<?xml version="1.0" encoding="UTF-8" ?>
<record Numero="16196623" format="InterXMarc_Complet" type="Authority">
<leader>00317n1 au22000272  45  <Pos Code="0004">00317</Pos>
<Pos Code="05" Sens="notice nouvelle">n</Pos>
<Pos Code="06" Sens="notice validée en catalogage courant">1</Pos>
<Pos Code="08" Sens="notice d&apos;autorité">a</Pos>
<Pos Code="09" Sens="titre uniforme musical (TUM)">u</Pos>
<Pos Code="10">2</Pos>
<Pos Code="11">2</Pos>
<Pos Code="1216">00027</Pos>
<Pos Code="17" Sens="autres cas">2</Pos>
<Pos Code="20">4</Pos>
<Pos Code="21">5</Pos>
</leader>
<controlfield tag="001">FRBNF161966232<Pos Code="0001">FR</Pos>
<Pos Code="0204">BNF</Pos>
<Pos Code="0512">16196623</Pos>
<Pos Code="13">2</Pos>
</controlfield>
<controlfield tag="008">100420      yy    tri       1972                             1   <Pos Code="0001">10</Pos>
<Pos Code="0203">04</Pos>
<Pos Code="0405">20</Pos>
<Pos Code="1213" Sens="ne s&apos;applique pas">yy</Pos>
<Pos Code="1820" Sens="trio instrumental">tri</Pos>
<Pos Code="2831">1972</Pos>
<Pos Code="61" Sens="La vedette peut être liée à une notice bibliographique sauf pour l&apos;accès matière RAMEAU">1</Pos>
</controlfield>
<datafield tag="048" ind1=" " ind2=" ">
	<subfield code="a">sc01<Pos Code="0001" Sens="cordes frottées - violoncelle">sc</Pos>
<Pos Code="02">0</Pos>
<Pos Code="03">1</Pos>
</subfield>
	<subfield code="a">pz01<Pos Code="0001" Sens="percussion - autre">pz</Pos>
<Pos Code="02">0</Pos>
<Pos Code="03">1</Pos>
</subfield>
	<subfield code="a">ka01<Pos Code="0001" Sens="clavier - piano">ka</Pos>
<Pos Code="02">0</Pos>
<Pos Code="03">1</Pos>
</subfield>
</datafield>
<datafield tag="100" ind1=" " ind2=" ">
	<subfield code="3">14785860</subfield>
	<subfield code="w"> 0  b     </subfield>
	<subfield code="a">Rihm</subfield>
	<subfield code="m">Wolfgang</subfield>
	<subfield code="d">1952-....</subfield>
</datafield>
<datafield tag="144" ind1="1" ind2=" ">
	<subfield code="w">....b.ger.</subfield>
	<subfield code="a">Paraphrase</subfield>
</datafield>
<datafield tag="600" ind1=" " ind2=" ">
	<subfield code="a">Date de composition : 1972</subfield>
</datafield>
<datafield tag="610" ind1=" " ind2=" ">
	<subfield code="a">Paraphrase [Musique imprimée] / Wolfgang Rihm, 2010</subfield>
</datafield>
<Attr Nom="IDPerenne">ark:/12148/cb16196623s</Attr>
<Attr Nom="Source" Sens="BnF catalogue général (depuis 1999)">A</Attr>
<Attr Nom="NumAutoriteLiee">14785860</Attr>
<Attr Nom="DateCreation">20/04/ 2010</Attr>
<Attr Nom="ResponsableCreation">FANTOLA FABIENNE</Attr>
<Attr Nom="StructCreation">37</Attr>
<Attr Nom="DateDerniereValidation">09/11/ 2010</Attr>
<Attr Nom="ResponsableDerniereValidation">MIGV4</Attr>
<Attr Nom="StructPremiereValidation">37</Attr>
<Attr Nom="DatePremiereValidation">20/04/ 2010</Attr>
<Attr Nom="ResponsablePremiereValidation">FANTOLA FABIENNE</Attr>
<Attr Nom="StructDerniereValidation">1</Attr>
</record>
